@article{1335275620040101,
	Abstract = {Several agile (i.e., lightweight) development methodologies, especially extreme programming (XP), have been argued to be a solution to many of the problems that continue to plague software development projects. The authors provide a useful evaluation of such approaches, including a discussion of the values that underlie the XP methodology. [ABSTRACT FROM AUTHOR]},
	Author = {Lindstrom, Lowell and Jeffries, Ron},
	ISSN = {10580530},
	Journal = {Information Systems Management},
	Keywords = {Computer software development, Computer programming, Project management, Extreme programming, Methodology},
	Number = {3},
	Pages = {41 - 52},
	Title = {EXTREME PROGRAMMING AND AGILE SOFTWARE DEVELOPMENT METHODOLOGIES.},
	Volume = {21},
	URL = {http://search.ebscohost.com/login.aspx?direct=true&AuthType=ip,sso&db=bth&AN=13352756&site=eds-live&scope=site&custid=s2873033},
	Year = {2004},
}

@article{isdale1998virtual,
	title={What is virtual reality},
	author={Isdale, Jerry},
	journal={Virtual Reality Information Resources http://www. isx. com/\~{} jisdale/WhatIsVr. html},
	volume={4},
	year={1998}
}